@book{erbert08,
  author       = {C. Ebert},
  title        = {Systematisches Requirements Engineering und Management - Anforderungen ermitteln, spezifizieren, analysieren und verwalten},
  edition      = {2nd},
  publisher    = {dpunkt.verlag},
  year         = {2008},
  isbn         = {978-3-89864-546-1},
}

@book{sommerville16,
  author       = {I. Sommerville},
  title        = {Software Engineering Global Edition},
  edition      = {10th},
  publisher    = {Pearson},
  year         = {2016},
  isbn         = {978-1-292-09613-1}
}

@book{balzert09,
  author       = {H. Balzert},
  title        = {Lehrbuch der Softwaretechnik - Basiskonzepte und Requirements Engineering},
  edition      = {3rd},
  series       = {Lehrb{\"{u}}cher der Informatik},
  publisher    = {Spektrum Akademischer Verlag},
  year         = {2009},
  url          = {https://doi.org/10.1007/978-3-8274-2247-7},
  doi          = {10.1007/978-3-8274-2247-7},
  isbn         = {978-3-8274-1705-3},
  location = {Heidelberg},
  langid = {german},
}

@book{coad99,
  author       = {Coad, P. and De Luca, J. and Lefebvre, E.},
  title        = {Java Modeling in Color with UML: Enterprise Components and Process},
  publisher    = {Pearson},
  year         = {1999}
}

@book{hunt06,
  author       = {J. Hunt},
  title        = {Agile Software Construction},
  publisher    = {Springer},
  year         = {2006}
}

@book{palmer02,
  title={A Practical Guide to Feature-Driven Development},
  author={S. Palmer and J. Felsing},
  year={2002},
  publisher={Prentice Hall}
}

@book{wiegers13,
  author       = {H. Wiegers and J. Beatty},
  title        = {Software Requirements},
  edition      = {3rd},
  publisher    = {Microsoft Press},
  year         = {2013},
  isbn         = {978-0-7356-7966-5},
}

@book{pohl15,
  author       = {K. Pohl and C. Rupp},
  title        = {Basiswissen Requirements Engineering},
  edition      = {4th},
  publisher    = {dpunkt.verlag},
  year         = {2015},
}

@book{martin13,
  author       = {R. Martin},
  title        = {Agile Software Development, Principles, Patterns, and Practices},
  edition      = {1st},
  publisher    = {Pearson},
  year         = {2014},
  isbn         = {978-1-292-02594-0}
}

@book{agileprocesses,
  author = {H. Baumeister and H. Lichter and M. Riebisch},
  publisher = {SpringerOpen},
  title = {Agile Processes in Software Engineering and Extreme Programming},
  year = {2017}
}

@misc{reqkanban,
  author = {O. Liskin and K. Schneider and F. Fagerholm and J. Münch},
  howpublished = {veröffentlicht auf ResearchGate},
  title = {Understanding the Role of Requirements Artifacts in Kanban},
  year = {2014},
  url = {https://www.researchgate.net/publication/260370694_Understanding_the_Role_of_Requirements_Artifacts_in_Kanban},
}

@misc{scrumandkanban,
  author = {D. Lowe},
  howpublished = {veröffentlicht auf Scrum & Kanban},
  title = {Theme, Epic, Story, Task},
  year = {2014},
  url = {https://scrumandkanban.co.uk/theme-epic-story-task/},
}

@inproceedings{moscow,
	location = {Cham},
	title = {Moscow Rules: A Quantitative Exposé},
	isbn = {978-3-031-08169-9},
	abstract = {This article analyzes the performance of the {MoSCoW} method to deliver all features in each of its categories: Must Have, Should Have and Could Have using Monte Carlo simulation. The analysis shows that under {MoSCoW} rules, a team ought to be able to deliver all Must Have features for underestimations of up to 100\% with very high probability. The conclusions reached are important for developers as well as for project sponsors to know how much faith to put on any commitments made.},
	pages = {19--34},
	booktitle = {Agile Processes in Software Engineering and Extreme Programming},
	publisher = {Springer International Publishing},
	author = {E. Miranda},
	editor = {Stray, Viktoria and Stol, Klaas-Jan and Paasivaara, Maria and Kruchten, Philippe},
	date = {2022},
	year = {2022},
	file = {PDF:/home/mose/Nextcloud/Zotero/storage/8VKK7JFU/Miranda - 2022 - Moscow Rules A Quantitative Exposé.pdf:application/pdf},
}

@inproceedings{planingpoker,
	location = {Ciudad Real, Spain},
	title = {Does the use of Fibonacci numbers in Planning Poker affect effort estimates?},
	isbn = {978-1-84919-541-6},
	url = {https://digital-library.theiet.org/content/conferences/10.1049/ic.2012.0030},
	doi = {10.1049/ic.2012.0030},
	eventtitle = {16th International Conference on Evaluation \& Assessment in Software Engineering ({EASE} 2012)},
	pages = {228--232},
	booktitle = {16th International Conference on Evaluation \& Assessment in Software Engineering ({EASE} 2012)},
	publisher = {{IET}},
	author = {Tamrakar, R. and Jørgensen, M.},
	urldate = {2025-01-13},
	date = {2012},
	year = {2012},
	langid = {english},
	file = {PDF:/home/mose/Nextcloud/Zotero/storage/67V548W7/Tamrakar and Jørgensen - 2012 - Does the use of Fibonacci numbers in Planning Poker affect effort estimates.pdf:application/pdf},
}

@online{kanbannod,
	title = {Kanban},
	url = {https://www.orghandbuch.de/Webs/OHB/DE/OrganisationshandbuchNEU/4_MethodenUndTechniken/Methoden_A_bis_Z/Kanban/Kanban_node.html},
	abstract = {Bezeichnung der Methode / Technik  Kanban
  Kategorie (Zweck)

 Planen, Strukturieren, Entscheiden Dokumentieren, Berichten Moderieren, Präsentieren, Visualisieren
  Anwendungsbereiche
  Softwareentwicklung
Projektmanagement
Massenverfahren
  Kurzbeschreibung  Kanban ist eine Arbeitsmanagementmethode, um Abläufe oder Organisationseinheiten effektiver zu steuern und anzupassen bzw. zu optimieren. Kanban visualisiert die Arbeit über das Kanban Board, wobei ein großes Augenmerk auf die Vermeidung von Störungen im Arbeitsablauf gelegt wird, welche die Arbeit verlangsamen könnten. Ziel ist dabei, einen reibungslosen Arbeitsablauf und mehr Effizienz zu erreichen.
  Voraussetzungen / Rahmenbedingungen / Grundlagen

 Kanban-Board (analog oder digital) Offenheit, Akzeptanz und Einhaltung der Kanban Werte, Prinzipien und Praktiken Kleinere Teams (3-10 Personen) Eher operative, als strategische Methode Ggf. Einweisung in Kanban
  Grobe Einschätzung des Zeit- und Personalaufwandes
 Geringer Aufwand bei der Einführung Kein zusätzlicher Personalaufwand Die Einführung der Methode ist innerhalb weniger Tage realisierbar
  Vorteile/Stärken der Methode
 Stärkt den Teamspirit Fördert die Selbstorganisation im Team Verbessert bestehende Prozesse und Arbeitsabläufe Erhöht die Transparenz im Team Erfolge sind direkt sicht- und überprüfbar
  Risiken, Stolperfallen, „darauf sollten Sie achten“
 Ungeeignet für große Projekte Methode funktioniert nur mit Offenheit und Bereitschaft im Team Mindset Change in hierarchischen Strukturen erforderlich Aufwände für Arbeitspakete sollten transparent sein Ziel und Zweck der Methode klar benennen: Was soll erreicht werden? Aufgabenpakete klar in voneinander abgrenzbare Aufgabenschritte gliedern
  Arbeitshilfen  Digitales Kanban-Board bei dezentralem Team (z. B. Jira, {WeKan})
Arbeitshilfe „Kanban“ des Digital Innovation Support ({DIS}) im Beratungszentrum des Bundes (im {BVA})
  Weiterführende Medien und Quellen  Kanban - David J. Anderson (Buch)
  Praxisbeispiel  {DIS}: Nutzung von Kanban zur Darstellung der aktuellen Aufgaben jedes Mitglieds im Daily},
	titleaddon = {Kanban},
	author = {{Bundesministerium des Innern und für Heimat}},
	urldate = {2025-01-13},
	date = {2025},
	year = {2025},
	langid = {german},
	file = {Snapshot:/home/mose/Nextcloud/Zotero/storage/KK9W5GVY/Kanban_node.html:text/html},
}

@online{humanizingwork,
	title = {The Humanizing Work Guide to Splitting User Stories},
	url = {https://www.humanizingwork.com/the-humanizing-work-guide-to-splitting-user-stories/},
	abstract = {The definitive guide to splitting features \& stories, including the latest versions of Richard Lawrence's popular story splitting flowchart},
	titleaddon = {The Humanizing Work Guide to Splitting User Stories},
	author = {{R. Lawrence} and {P. Green}},
	urldate = {2025-01-13},
	year = {2025},
	file = {Snapshot:/home/mose/Nextcloud/Zotero/storage/PRRURAI5/the-humanizing-work-guide-to-splitting-user-stories.html:text/html},
}

@article{reinscrum,
	title = {Requirements Engineering in Scrum Framework},
	volume = {149},
	issn = {09758887},
	url = {http://www.ijcaonline.org/archives/volume149/number8/darwish-2016-ijca-911530.pdf},
	doi = {10.5120/ijca2016911530},
	abstract = {Requirement Engineering ({RE}) plays an important role in the success of software development life cycle. As {RE} is the starting point of the life cycle, any changes in requirements will be costly and time consuming. Failure in determining accurate requirements leads to errors in specifications and therefore to a mal system architecture. In addition, most of software development environments are characterized by user requests to change some requirements.Scrum as one of agile development methods that gained a great attention because of its ability to deal with the changing environments. This paper presents and discusses the current situation of {RE} activities in Scrum, how Scrum benefits from {RE} techniques and future challenges in this respect.},
	pages = {24--29},
	number = {8},
	journaltitle = {International Journal of Computer Applications},
	shortjournal = {{IJCA}},
	author = {{N. Ramadan} and {S. Megahed}},
	urldate = {2025-01-13},
	date = {2016-09-15},
	year = {2016},
	month = {09},
	day = {15},
	langid = {english},
}


% Journals

% First the Full Name is given, then the abbreviation used in the AMS Math
% Reviews, with an indication if it could not be found there.
% Note the 2nd overwrites the 1st, so swap them if you want the full name.

 %{AMS}
 @String{AMSTrans = "American Mathematical Society Translations" }
 @String{AMSTrans = "Amer. Math. Soc. Transl." }
 @String{BullAMS = "Bulletin of the American Mathematical Society" }
 @String{BullAMS = "Bull. Amer. Math. Soc." }
 @String{ProcAMS = "Proceedings of the American Mathematical Society" }
 @String{ProcAMS = "Proc. Amer. Math. Soc." }
 @String{TransAMS = "Transactions of the American Mathematical Society" }
 @String{TransAMS = "Trans. Amer. Math. Soc." }

 %ACM
 @String{CACM = "Communications of the {ACM}" }
 @String{CACM = "Commun. {ACM}" }
 @String{CompServ = "Comput. Surveys" }
 @String{JACM = "J. ACM" }
 @String{ACMMathSoft = "{ACM} Transactions on Mathematical Software" }
 @String{ACMMathSoft = "{ACM} Trans. Math. Software" }
 @String{SIGNUM = "{ACM} {SIGNUM} Newsletter" }
 @String{SIGNUM = "{ACM} {SIGNUM} Newslett." }

 @String{AmerSocio = "American Journal of Sociology" }
 @String{AmerStatAssoc = "Journal of the American Statistical Association" }
 @String{AmerStatAssoc = "J. Amer. Statist. Assoc." }
 @String{ApplMathComp = "Applied Mathematics and Computation" }
 @String{ApplMathComp = "Appl. Math. Comput." }
 @String{AmerMathMonthly = "American Mathematical Monthly" }
 @String{AmerMathMonthly = "Amer. Math. Monthly" }
 @String{BIT = "{BIT}" }
 @String{BritStatPsych = "British Journal of Mathematical and Statistical
          Psychology" }
 @String{BritStatPsych = "Brit. J. Math. Statist. Psych." }
 @String{CanMathBull = "Canadian Mathematical Bulletin" }
 @String{CanMathBull = "Canad. Math. Bull." }
 @String{CompApplMath = "Journal of Computational and Applied Mathematics" }
 @String{CompApplMath = "J. Comput. Appl. Math." }
 @String{CompPhys = "Journal of Computational Physics" }
 @String{CompPhys = "J. Comput. Phys." }
 @String{CompStruct = "Computers and Structures" }
 @String{CompStruct = "Comput. \& Structures" }
 @String{CompJour = "The Computer Journal" }
 @String{CompJour = "Comput. J." }
 @String{CompSysSci = "Journal of Computer and System Sciences" }
 @String{CompSysSci = "J. Comput. System Sci." }
 @String{Computing = "Computing" }
 @String{ContempMath = "Contemporary Mathematics" }
 @String{ContempMath = "Contemp. Math." }
 @String{Crelle = "Crelle's Journal" }
 @String{GiornaleMath = "Giornale di Mathematiche" }
 @String{GiornaleMath = "Giorn. Mat." } % didn't find in AMS MR., ibid.

 %IEEE
 @String{Computer = "{IEEE} Computer" }
 @String{IEEETransComp = "{IEEE} Transactions on Computers" }
 @String{IEEETransComp = "{IEEE} Trans. Comput." }
 @String{IEEETransAC = "{IEEE} Transactions on Automatic Control" }
 @String{IEEETransAC = "{IEEE} Trans. Automat. Control" }
 @String{IEEESpec = "{IEEE} Spectrum" } % didn't find in AMS MR
 @String{ProcIEEE = "Proceedings of the {IEEE}" }
 @String{ProcIEEE = "Proc. {IEEE}" } % didn't find in AMS MR
 @String{IEEETransAeroElec = "{IEEE} Transactions on Aerospace and Electronic
     Systems" }
 @String{IEEETransAeroElec = "{IEEE} Trans. Aerospace Electron. Systems" }

 @String{IMANumerAna = "{IMA} Journal of Numerical Analysis" }
 @String{IMANumerAna = "{IMA} J. Numer. Anal." }
 @String{InfProcLet = "Information Processing Letters" }
 @String{InfProcLet = "Inform. Process. Lett." }
 @String{InstMathApp = "Journal of the Institute of Mathematics and
     its Applications" }
 @String{InstMathApp = "J. Inst. Math. Appl." }
 @String{IntControl = "International Journal of Control" }
 @String{IntControl = "Internat. J. Control" }
 @String{IntNumerEng = "International Journal for Numerical Methods in
     Engineering" }
 @String{IntNumerEng = "Internat. J. Numer. Methods Engrg." }
 @String{IntSuper = "International Journal of Supercomputing Applications" }
 @String{IntSuper = "Internat. J. Supercomputing Applic." } % didn't find
%% in AMS MR
 @String{Kibernetika = "Kibernetika" }
 @String{JResNatBurStand = "Journal of Research of the National Bureau
     of Standards" }
 @String{JResNatBurStand = "J. Res. Nat. Bur. Standards" }
 @String{LinAlgApp = "Linear Algebra and its Applications" }
 @String{LinAlgApp = "Linear Algebra Appl." }
 @String{MathAnaAppl = "Journal of Mathematical Analysis and Applications" }
 @String{MathAnaAppl = "J. Math. Anal. Appl." }
 @String{MathAnnalen = "Mathematische Annalen" }
 @String{MathAnnalen = "Math. Ann." }
 @String{MathPhys = "Journal of Mathematical Physics" }
 @String{MathPhys = "J. Math. Phys." }
 @String{MathComp = "Mathematics of Computation" }
 @String{MathComp = "Math. Comp." }
 @String{MathScand = "Mathematica Scandinavica" }
 @String{MathScand = "Math. Scand." }
 @String{TablesAidsComp = "Mathematical Tables and Other Aids to Computation" }
 @String{TablesAidsComp = "Math. Tables Aids Comput." }
 @String{NumerMath = "Numerische Mathematik" }
 @String{NumerMath = "Numer. Math." }
 @String{PacificMath = "Pacific Journal of Mathematics" }
 @String{PacificMath = "Pacific J. Math." }
 @String{ParDistComp = "Journal of Parallel and Distributed Computing" }
 @String{ParDistComp = "J. Parallel and Distrib. Comput." } % didn't find
%% in AMS MR
 @String{ParComputing = "Parallel Computing" }
 @String{ParComputing = "Parallel Comput." }
 @String{PhilMag = "Philosophical Magazine" }
 @String{PhilMag = "Philos. Mag." }
 @String{ProcNAS = "Proceedings of the National Academy of Sciences
                    of the USA" }
 @String{ProcNAS = "Proc. Nat. Acad. Sci. U. S. A." }
 @String{Psychometrika = "Psychometrika" }
 @String{QuartMath = "Quarterly Journal of Mathematics, Oxford, Series (2)" }
 @String{QuartMath = "Quart. J. Math. Oxford Ser. (2)" }
 @String{QuartApplMath = "Quarterly of Applied Mathematics" }
 @String{QuartApplMath = "Quart. Appl. Math." }
 @String{RevueInstStat = "Review of the International Statisical Institute" }
 @String{RevueInstStat = "Rev. Inst. Internat. Statist." }

 %SIAM
 @String{JSIAM = "Journal of the Society for Industrial and Applied
     Mathematics" }
 @String{JSIAM = "J. Soc. Indust. Appl. Math." }
 @String{JSIAMB = "Journal of the Society for Industrial and Applied
     Mathematics, Series B, Numerical Analysis" }
 @String{JSIAMB = "J. Soc. Indust. Appl. Math. Ser. B Numer. Anal." }
 @String{SIAMAlgMeth = "{SIAM} Journal on Algebraic and Discrete Methods" }
 @String{SIAMAlgMeth = "{SIAM} J. Algebraic Discrete Methods" }
 @String{SIAMAppMath = "{SIAM} Journal on Applied Mathematics" }
 @String{SIAMAppMath = "{SIAM} J. Appl. Math." }
 @String{SIAMComp = "{SIAM} Journal on Computing" }
 @String{SIAMComp = "{SIAM} J. Comput." }
 @String{SIAMMatrix = "{SIAM} Journal on Matrix Analysis and Applications" }
 @String{SIAMMatrix = "{SIAM} J. Matrix Anal. Appl." }
 @String{SIAMNumAnal = "{SIAM} Journal on Numerical Analysis" }
 @String{SIAMNumAnal = "{SIAM} J. Numer. Anal." }
 @String{SIAMReview = "{SIAM} Review" }
 @String{SIAMReview = "{SIAM} Rev." }
 @String{SIAMSciStat = "{SIAM} Journal on Scientific and Statistical
     Computing" }
 @String{SIAMSciStat = "{SIAM} J. Sci. Statist. Comput." }

 @String{SoftPracExp = "Software Practice and Experience" }
 @String{SoftPracExp = "Software Prac. Experience" } % didn't find in AMS MR
 @String{StatScience = "Statistical Science" }
 @String{StatScience = "Statist. Sci." }
 @String{Techno = "Technometrics" }
 @String{USSRCompMathPhys = "{USSR} Computational Mathematics and Mathematical
     Physics" }
 @String{USSRCompMathPhys = "{U. S. S. R.} Comput. Math. and Math. Phys." }
 @String{VLSICompSys = "Journal of {VLSI} and Computer Systems" }
 @String{VLSICompSys = "J. {VLSI} Comput. Syst." }
 @String{ZAngewMathMech = "Zeitschrift fur Angewandte Mathematik und
     Mechanik" }
 @String{ZAngewMathMech = "Z. Angew. Math. Mech." }
 @String{ZAngewMathPhys = "Zeitschrift fur Angewandte Mathematik und Physik" }
 @String{ZAngewMathPhys = "Z. Angew. Math. Phys." }

% Publishers % ================================================= |

 @String{Academic = "Academic Press" }
 @String{ACMPress = "{ACM} Press" }
 @String{AdamHilger = "Adam Hilger" }
 @String{AddisonWesley = "Addison-Wesley" }
 @String{AllynBacon = "Allyn and Bacon" }
 @String{AMS = "American Mathematical Society" }
 @String{Birkhauser = "Birkha{\"u}ser" }
 @String{CambridgePress = "Cambridge University Press" }
 @String{Chelsea = "Chelsea" }
 @String{ClaredonPress = "Claredon Press" }
 @String{DoverPub = "Dover Publications" }
 @String{Eyolles = "Eyolles" }
 @String{HoltRinehartWinston = "Holt, Rinehart and Winston" }
 @String{Interscience = "Interscience" }
 @String{JohnsHopkinsPress = "The Johns Hopkins University Press" }
 @String{JohnWileySons = "John Wiley and Sons" }
 @String{Macmillan = "Macmillan" }
 @String{MathWorks = "The Math Works Inc." }
 @String{McGrawHill = "McGraw-Hill" }
 @String{NatBurStd = "National Bureau of Standards" }
 @String{NorthHolland = "North-Holland" }
 @String{OxfordPress = "Oxford University Press" }  %address Oxford or London?
 @String{PergamonPress = "Pergamon Press" }
 @String{PlenumPress = "Plenum Press" }
 @String{PrenticeHall = "Prentice-Hall" }
 @String{SIAMPub = "{SIAM} Publications" }
 @String{Springer = "Springer-Verlag" }
 @String{TexasPress = "University of Texas Press" }
 @String{VanNostrand = "Van Nostrand" }
 @String{WHFreeman = "W. H. Freeman and Co." }

 @online{agile_manifesto_2001,
	title = {Agile Manifesto},
	url = {https://agilemanifesto.org},
	author = {Beck, K. and Beedle, M. and van Bennekum, A. and Cockburn, A. and Cunningham, W. and Fowler, M. and Highsmith, J. and Hunt, A. and Jeffries, R. and Kern, J. and Marick, B. and Martin, R. C. and Schwaber, K. and Sutherland, J. and Thomas, D.},
	urldate = {2025-01-15},
	year = {2001},
 }

 @online{beedle_principles_2001,
	title = {Principles behind the Agile Manifesto},
	url = {https://agilemanifesto.org/principles.html},
	author = {Beck, K. and Beedle, M. and van Bennekum, A. and Cockburn, A. and Cunningham, W. and Fowler, M. and Highsmith, J. and Hunt, A. and Jeffries, R. and Kern, J. and Marick, B. and Martin, R. C. and Schwaber, K. and Sutherland, J. and Thomas, D.},
	urldate = {2025-01-04},
	year = {2001},
	file = {Principles behind the Agile Manifesto:/home/mose/Nextcloud/Zotero/storage/F2WQ54E7/principles.html:text/html},
 }


 @book{cohn_user_2004,
	location = {{USA}},
	title = {User Stories Applied: For Agile Software Development},
	isbn = {978-0-321-20568-1},
	shorttitle = {User Stories Applied},
	abstract = {Agile requirements: discovering what your users really want. With this book, you will learn to: Flexible, quick and practical requirements that work Save time and develop better software that meets users' needs Gathering user stories -- even when you can't talk to users How user stories work, and how they differ from use cases, scenarios, and traditional requirements Leveraging user stories as part of planning, scheduling, estimating, and testing Ideal for Extreme Programming, Scrum, or any other agile methodology ----------------------------------------------------------------------------------------------------------Thoroughly reviewed and eagerly anticipated by the agile community, User Stories Applied offers a requirements process that saves time, eliminates rework, and leads directly to better software.The best way to build software that meets users' needs is to begin with "user stories": simple, clear, brief descriptions of functionality that will be valuable to real users. In User Stories Applied, Mike Cohn provides you with a front-to-back blueprint for writing these user stories and weaving them into your development lifecycle.You'll learn what makes a great user story, and what makes a bad one. You'll discover practical ways to gather user stories, even when you can't speak with your users. Then, once you've compiled your user stories, Cohn shows how to organize them, prioritize them, and use them for planning, management, and testing. User role modeling: understanding what users have in common, and where they differ Gathering stories: user interviewing, questionnaires, observation, and workshops Working with managers, trainers, salespeople and other "proxies" Writing user stories for acceptance testing Using stories to prioritize, set schedules, and estimate release costs Includes end-of-chapter practice questions and {exercisesUser} Stories Applied will be invaluable to every software developer, tester, analyst, and manager working with any agile method: {XP}, Scrum... or even your own home-grown approach.{ADDISON}-{WESLEY} {PROFESSIONALBoston}, {MA} 02116www.awprofessional.{comISBN}: 0-321-20568-5},
	publisher = {Addison Wesley Longman Publishing Co., Inc.},
	author = {M. Cohn},
	year = {2004},
	month = {02},
	file = {User-Stories-Applied-Mike-Cohn.pdf:/home/mose/Nextcloud/Zotero/storage/97TEPDA6/User-Stories-Applied-Mike-Cohn.pdf:application/pdf},
 }

 @online{jeffries_essential_2001,
	title = {Essential {XP}: Card, Conversation, Confirmation},
	url = {https://ronjeffries.com/xprog/articles/expcardconversationconfirmation/},
	author = {Jeffries, R.},
	urldate = {2024-12-02},
	year = {2001},
	month = {08},
	day = {30},
	date = {2001-08-30},
	file = {Essential XP\: Card, Conversation, Confirmation:/home/mose/Nextcloud/Zotero/storage/NABY65N9/expcardconversationconfirmation.html:text/html},
 }

 @online{wake_invest_2003,
	title = {{INVEST} in Good Stories, and {SMART} Tasks - {XP}123},
	url = {https://xp123.com/invest-in-good-stories-and-smart-tasks/},
	abstract = {{XP} teams have to manage stories and tasks. The {INVEST} and {SMART} acronyms can remind teams of the good characteristics of each.},
	author = {Wake, W. C.},
	urldate = {2025-01-05},
	year = {2003},
	month = {08},
	day = {17},
	date = {2003-08-17},
	langid = {american},
	file = {Snapshot:/home/mose/Nextcloud/Zotero/storage/2UKKAQIX/invest-in-good-stories-and-smart-tasks.html:text/html},
 }

 @online{the_cucumber_open_source_project_cucumber_2025,
	title = {Cucumber},
	url = {https://cucumber.io/},
	abstract = {Cucumber is a tool for running automated acceptance tests, written in plain language. Because they're written in plain language, they can be read by anyone on your team, improving communication, collaboration and trust.},
	author = {{The Cucumber Open Source Project}},
	urldate = {2025-01-06},
	date = {2025},
	year = {2025},
	langid = {english},
	file = {Snapshot:/home/mose/Nextcloud/Zotero/storage/ZGYFPAL5/cucumber.io.html:text/html},
 }
